@Book{Ore,
  Title                    = {Геоинформационные системы: Учебное пособие.},
  Author                   = {А.С.Самардак},
  Publisher                = {ТИДОТ ДВГУ},
  Year                     = {2005},
  City                     = {Владивосток},
  Language                 = {russian}
}
 
@Book{Glebova,
  Title                    = {ГИС для управления городами и территориями},
  Author                   = {Н. Глебова},
  Publisher                = {ArcReview},
  Year                     = {2006},
  City                     = {Москва},
  Pages                    = {№ 3(38).},
  Language                 = {russian}
} 

@Book{Kormen,
  Title                    = {Опыт разработки информационно-аналитических систем поддержки принятия управленческих решений},
  Author                   = {Н.В.Дьяченко},
  Language                 = {russian}
} 

@book{Wooldridge2009,
    author          = {M. Wooldridge},
    title           = {An introduction to multiagent systems},
    year            = {2009},
    edition         = {2nd},
    address         = {Chichester\space},
    publisher       = {J. Wiley},
    numpages        = {484},
    language        = {english},
    shorthand       = {Wooldridge.M.IntroMAS-2009кн},
    annotation      = {Букварь по МАС}
} 