@Book{Ore,
  Title                    = {Теория графов},
  Author                   = {О. Оре},
  Publisher                = {Наука},
  Year                     = {1980},
  City                     = {Москва},
  Pages                    = {336},
  Language                 = {russian}
}

@Book{Posevkin,
  Title                    = {Естественно-языковой пользовательский интерфейс диалоговой системы},
  Author                   = {Р.В. Посевкин},
  Year                     = {2017},
  City                     = {Москва},
  Language                 = {russian}
} 

@Book{Kuznetsov,
  Title                    = {Дискретная математика для инженера},
  Author                   = {О. П. Кузнецов and Г. М. Адельсон-Вельский},
  Publisher                = {Энергоатомиздат},
  Year                     = {1988},
  City                     = {Москва},
  Pages                    = {480},
  Language                 = {russian}
} 

@Book{Borodin,
  Title                    = {Системы искусственого интеллекта в задачах обработки естесвенного языка},
  Author                   = {Д.С. Бородин},
  Publisher                = {Цифровое будущее инновационной экономики России},
  Year                     = {2018},
  City                     = {Москва},
  Language                 = {russian}
} 

@Book{Kormen,
  Title                    = {Алгоритмы. Построение и анализ},
  Author                   = {Д. Кормен},
  Publisher                = {Вильямс},
  Year                     = {2015},
  City                     = {Москва},
  Pages                    = {1328},
  Language                 = {russian}
} 

@book{Wooldridge2009,
    author          = {M. Wooldridge},
    title           = {An introduction to multiagent systems},
    year            = {2009},
    edition         = {2nd},
    address         = {Chichester\space},
    publisher       = {J. Wiley},
    numpages        = {484},
    language        = {english},
    shorthand       = {Wooldridge.M.IntroMAS-2009кн},
    annotation      = {Букварь по МАС}
} 

@Book{Ustalov,
  Title                    = {Семантические сети и обработка естественного языка},
  Author                   = {Д.А. Усталов},
  Year                     = {2017},
  City                     = {Москва},
  Language                 = {russian}
} 

@Book{Lukanin,
  Title                    = {Автоматическая обработка естественного языка},
  Author                   = {Д.А. Луканин},
  Publisher                = {Издательский центр ЮУрГУ},
  Year                     = {2011},
  Pages                    = {70},
  Language                 = {russian}
}